@book{alexander2023,
    author = {J. McKenzie Alexander},
    title = {Evolutionary Game Theory},
    publisher = {Cambridge University Press},
    year = {2023}
}

@article{axelrod1981,
  author  = {Robert Axelrod and William D. Hamilton},
  title   = {The Evolution of Cooperation},
  journal = {Science},
  year    = {1981}
}

@article{axelrod1988,
    author = {Robert Axelrod and Douglas Dion},
    title = {the Further Evolution of Cooperation},
    journal = {Science},
    year = {1988}
}

@article{mathieu1999,
    author = {Philippe Mathieu, Bruno Beaufils and Jean-Paul Delahaye },
    title = {“Studies on Dynamics in the
Classical Iterated Prisoner’s Dilemma with Few Strategies},
    journal = {},
    year = {1999}
}